@article{Donoho1994Ideal,
	Author  = {Donoho, David L. and Johnstone, Jain M.},
	Journal = {Biometrika},
	Number  = {3},
	Pages   = {425--455},
	Title   = {Ideal spatial adaptation by wavelet shrinkage},
	Volume  = {81},
	Year    = {1994}}

@article{Efron2002Empirical,
	Author  = {Efron, Bradley and Tibshirani, Robert},
	Journal = {Genetic Epidemiology},
	Number  = {1},
	Pages   = {70--86},
	Title   = {{Empirical} {Bayes} methods and false discovery rates for
	           microarrays},
	Volume  = {23},
	Year    = {2002}}

@article{Tibshirani1996Regression,
	Author  = {Tibshirani, Robert},
	Journal = {Journal of the Royal Statistical Society, Series B},
	Number  = {1},
	Pages   = {267--288},
	Title   = {Regression shrinkage and selection via the {Lasso}},
	Volume  = {58},
	Year    = {1996}}

@article{Bickel2008Covariance,
	Author  = {Bickel, Peter J. and Levina, Elizaveta},
	Journal = {Annals of Statistics},
	Number  = {6},
	Pages   = {2577--2604},
	Title   = {Covariance regularization by thresholding},
	Volume  = {36},
	Year    = {2008}}

@article{Efron2004,
	Author  = {Efron, Bradley},
	Journal = {Journal of the American Statistical Association},
	Number  = {465},
	Pages   = {96--104},
	Title   = {Large-scale simultaneous hypothesis testing: the choice of
	           a null hypothesis},
	Volume  = {99},
	Year    = {2004}}

@article{johnstone2005ebayesthresh,
   author  = {Iain Johnstone and Bernard  Silverman},
   title   = {{EbayesThresh}: {R} programs for {Empirical} {Bayes}
              thresholding},
   journal = {Journal of Statistical Software, Articles},
   volume  = {12},
   number  = {8},
   year    = {2005},
   pages   = {1--38}}

